@article{sundvall-trang-2014, 
	title="Examination of Impact from Different Boundary Conditions on the 2D Black-Scholes Model: Evaluating Pricing of European Call Options", 
	author="Sundvall, Thomas and Tr√•ng, David", 
	year="2014", 
	month="Aug",
} 